@article{zabinsky2010random,
  title={Random search algorithms},
  author={Zabinsky, Zelda B},
  journal={Wiley Encyclopedia of Operations Research and Management Science},
  year={2010},
  publisher={Wiley Online Library}
}
@article{ahmed2010genetic,
  title={Genetic algorithm for the traveling salesman problem using sequential constructive crossover operator},
  author={Ahmed, Zakir H},
  journal={International Journal of Biometrics \& Bioinformatics (IJBB)},
  volume={3},
  number={6},
  pages={96},
  year={2010}
}
@article{schaffer1989study,
  title={A study of control parameters affecting online performance of genetic algorithms for function optimization},
  author={Schaffer, JDAR},
  journal={San Meteo, California},
  year={1989},
  publisher={Morgan Kaufmann Publishers}
}
@misc{sampson1976adaptation,
  title={Adaptation in natural and artificial systems (John H. Holland)},
  author={Sampson, Jeffrey R},
  year={1976},
  publisher={Society for Industrial and Applied Mathematics}
}
@inproceedings{goldberg1987genetic,
  title={Genetic algorithms with sharing for multimodal function optimization},
  author={Goldberg, David E and Richardson, Jon and others},
  booktitle={Genetic algorithms and their applications: Proceedings of the Second International Conference on Genetic Algorithms},
  pages={41--49},
  year={1987},
  organization={Hillsdale, NJ: Lawrence Erlbaum}
}
@incollection{goldberg1991comparative,
  title={A comparative analysis of selection schemes used in genetic algorithms},
  author={Goldberg, David E and Deb, Kalyanmoy},
  booktitle={Foundations of genetic algorithms},
  volume={1},
  pages={69--93},
  year={1991},
  publisher={Elsevier}
}
@article{nebro2009mocell,
  title={MOCell: A cellular genetic algorithm for multiobjective optimization},
  author={Nebro, Antonio J and Durillo, Juan J and Luna, Francisco and Dorronsoro, Bernab{\'e} and Alba, Enrique},
  journal={International Journal of Intelligent Systems},
  volume={24},
  number={7},
  pages={726--746},
  year={2009},
  publisher={Wiley Online Library}
}
@inproceedings{miller1996genetic,
  title={Genetic algorithms with dynamic niche sharing for multimodal function optimization},
  author={Miller, Brad L and Shaw, Michael J},
  booktitle={Proceedings of IEEE international conference on evolutionary computation},
  pages={786--791},
  year={1996},
  organization={IEEE}
}

@article{lin2002niche,
  title={Niche identification techniques in multimodal genetic search with sharing scheme},
  author={Lin, Chyi-Yeu and Wu, Wen-Hong},
  journal={Advances in Engineering Software},
  volume={33},
  number={11-12},
  pages={779--791},
  year={2002},
  publisher={Elsevier}
}
