@inproceedings{liu1996evolutionary,
      title={Evolutionary design of artificial neural networks with different
             nodes},
      author={Liu, Yong and Yao, Xin},
        booktitle={Proceedings of IEEE international conference on evolutionary
                   computation},
      pages={670--675},
        year={1996},
          organization={IEEE}
}
@article{zoph2016neural,
      title={Neural architecture search with reinforcement learning},
        author={Zoph, Barret and Le, Quoc V},
          journal={arXiv preprint arXiv:1611.01578},
            year={2016}
}
@article{elsken2018neural,
      title={Neural architecture search: A survey},
        author={Elsken, Thomas and Metzen, Jan Hendrik and Hutter, Frank},
          journal={arXiv preprint arXiv:1808.05377},
            year={2018}
}
@inproceedings{liu1996evolutionary,
      title={Evolutionary design of artificial neural networks with different
             nodes},
      author={Liu, Yong and Yao, Xin},
        booktitle={Proceedings of IEEE international conference on evolutionary
                   computation},
      pages={670--675},
        year={1996},
          organization={IEEE}
}

@inproceedings{miller1989designing,
  title={Designing Neural Networks using Genetic Algorithms.},
  author={Miller, Geoffrey F and Todd, Peter M and Hegde, Shailesh U},
  booktitle={ICGA},
  volume={89},
  pages={379--384},
  year={1989}
}

@article{yao1999evolving,
  title={Evolving artificial neural networks},
  author={Yao, Xin},
  journal={Proceedings of the IEEE},
  volume={87},
  number={9},
  pages={1423--1447},
  year={1999},
  publisher={IEEE}
}

