% tag1: thickness

@article{schmit1973optimum,
  title={Optimum laminate design for strength and stiffness},
  author={Schmit, L AêŽ¬ and Farshi, B},
  journal={International Journal for Numerical Methods in Engineering},
  volume={7},
  number={4},
  pages={519--536},
  year={1973},
  publisher={Wiley Online Library}
}

% tag1: thickness
@article{schmit1977optimum,
  title={Optimum design of laminated fibre composite plates},
  author={Schmit Jr, LA and Farshi, B},
  journal={International journal for numerical methods in engineering},
  volume={11},
  number={4},
  pages={623--640},
  year={1977},
  publisher={Wiley Online Library}
}

% tag1: thickness
@article{fukunaga1991strength,
  title={Strength optimization of laminated composites with respect to layer thickness and/or layer orientation angle},
  author={Fukunaga, Hisao and Vanderplaats, GN},
  journal={Computers \& Structures},
  volume={40},
  number={6},
  pages={1429--1439},
  year={1991},
  publisher={Elsevier}
}

% tag1: thickness
@article{soares1995discrete,
  title={A discrete model for the optimal design of thin composite plate-shell type structures using a two-level approach},
  author={Soares, CM Mota and Correia, V Franco and Mateus, H and Herskovits, J},
  journal={Composite structures},
  volume={30},
  number={2},
  pages={147--157},
  year={1995},
  publisher={Elsevier}
}

% tag1: thickness
@article{le1995improved,
  title={Improved genetic algorithm for minimum thickness composite laminate design},
  author={Le Riche, R and Haftka, RT},
  journal={Composites Engineering},
  volume={5},
  number={2},
  pages={143--161},
  year={1995},
  publisher={Elsevier}
}

% tag1: thickness
% tag2: neural network
@article{jayatheertha1996application,
  title={Application of artificial neural networks for the optimum design of a laminated plate},
  author={Jayatheertha, C and Webber, JPH and Morton, SK},
  journal={Computers \& structures},
  volume={59},
  number={5},
  pages={831--845},
  year={1996},
  publisher={Elsevier}
}

% tag1: thickness
@article{wang1996optimum,
  title={Optimum in situ strength design of composite laminates. Part I: in situ strength parameters},
  author={Wang, J and Karihaloo, BL},
  journal={Journal of composite materials},
  volume={30},
  number={12},
  pages={1314--1337},
  year={1996},
  publisher={Sage Publications Sage CA: Thousand Oaks, CA}
}

% tag1: thickness

@article{adali1997minimum,
  title={Minimum cost design of hybrid composite cylinders with temperature dependent properties},
  author={Adali, Sarp and Verijenko, Viktor E},
  journal={Composite structures},
  volume={38},
  number={1-4},
  pages={623--630},
  year={1997},
  publisher={Elsevier}
}

% tag1: thickness

@article{correia1997higher,
  title={Higher order models on the eigenfrequency analysis and optimal design of laminated composite structures},
  author={Correia, VM Franco and Soares, CM Mota and Soares, CA Mota},
  journal={Composite Structures},
  volume={39},
  number={3-4},
  pages={237--253},
  year={1997},
  publisher={Elsevier}
}

% tag1: thickness
@article{scares1997optimization,
  title={Optimization of multilaminated structures using higher-order deformation models},
  author={Scares, Crist{\'o}v{\~a}o M Mota and Soares, Carlos A Mota and Correia, Victor M Franco},
  journal={Computer methods in applied mechanics and engineering},
  volume={149},
  number={1-4},
  pages={133--152},
  year={1997},
  publisher={Elsevier}
}


% tag1: thickness
@article{abu1998optimum,
  title={Optimum design of composite plates using response surface method},
  author={Abu-Odeh, Akram Y and Jones, Harry L},
  journal={Composite structures},
  volume={43},
  number={3},
  pages={233--242},
  year={1998},
  publisher={Elsevier}
}

% tag1: thickness

@article{lombardi1998anti,
  title={Anti-optimization technique for structural design under load uncertainties},
  author={Lombardi, Marco and Haftka, Raphael T},
  journal={Computer methods in applied mechanics and engineering},
  volume={157},
  number={1-2},
  pages={19--31},
  year={1998},
  publisher={Elsevier}
}

% tag1: thickness
@article{le1998design,
  title={Design of dimensionally stable composites by evolutionary optimization},
  author={Le Riche, Rodolphe and Gaudin, Jocelyn},
  journal={Composite Structures},
  volume={41},
  number={2},
  pages={97--111},
  year={1998},
  publisher={Elsevier}
}

% tag1: thickness
% tag2: genetic algorithm
@article{sivakumar1998optimum,
  title={Optimum design of laminated composite plates with cutouts using a genetic algorithm},
  author={Sivakumar, K and Iyengar, NGR and Deb, Kalyanmoy},
  journal={Composite Structures},
  volume={42},
  number={3},
  pages={265--279},
  year={1998},
  publisher={Elsevier}
}

% tag1: thickness

@article{barakat1999use,
  title={The use of an energy-based criterion to determine optimum configurations of fibrous composites},
  author={Barakat, SA and Abu-Farsakh, GA},
  journal={Composites science and technology},
  volume={59},
  number={12},
  pages={1891--1899},
  year={1999},
  publisher={Elsevier}
}

% tag1: thickness
% tag2: ply angle
@article{richard2000reliability,
  title={A reliability method for optimization of [+ $\phi$,- $\phi$] n fiber reinforced composite pipes},
  author={Richard, F and Perreux, D},
  journal={Reliability Engineering \& System Safety},
  volume={68},
  number={1},
  pages={53--59},
  year={2000},
  publisher={Elsevier}
}

% tag1: thickness
@article{moita2000sensitivity,
  title={Sensitivity analysis and optimal design of geometrically non-linear laminated plates and shells},
  author={Moita, JS and Barbosa, J Infante and Soares, CM Mota and Soares, CA Mota},
  journal={Computers \& Structures},
  volume={76},
  number={1-3},
  pages={407--420},
  year={2000},
  publisher={Elsevier}
}

% tag1: thickness
% tag2: genetic algorithm
@article{soremekun2001composite,
  title={Composite laminate design optimization by genetic algorithm with generalized elitist selection},
  author={Soremekun, G and G{\"u}rdal, Z and Haftka, RT and Watson, LT},
  journal={Computers \& structures},
  volume={79},
  number={2},
  pages={131--143},
  year={2001},
  publisher={Elsevier}
}


% tag1: thickness
% tag2: genetic algorithm
% tag3: finite element method
@article{walker2003technique,
  title={A technique for the multiobjective optimisation of laminated composite structures using genetic algorithms and finite element analysis},
  author={Walker, Mark and Smith, Ryan E},
  journal={Composite structures},
  volume={62},
  number={1},
  pages={123--128},
  year={2003},
  publisher={Elsevier}
}


% tag1: thickness
@article{di2003multiconstrained,
  title={Multiconstrained optimization of laminated and sandwich plates using evolutionary algorithms and higher-order plate theories},
  author={Di Sciuva, M and Gherlone, M and Lomario, D},
  journal={Composite Structures},
  volume={59},
  number={1},
  pages={149--154},
  year={2003},
  publisher={Elsevier}
}

% tag1: thickness
@article{kere2003using,
  title={Using multicriterion optimization for strength design of composite laminates},
  author={Kere, Petri and Lyly, Mikko and Koski, Juhani},
  journal={Composite Structures},
  volume={62},
  number={3-4},
  pages={329--333},
  year={2003},
  publisher={Elsevier}
}

% tag1: thickness
@article{kang2005minimum,
  title={Minimum-weight design of compressively loaded composite plates and stiffened panels for postbuckling strength by genetic algorithm},
  author={Kang, Ji-Ho and Kim, Chun-Gon},
  journal={Composite structures},
  volume={69},
  number={2},
  pages={239--246},
  year={2005},
  publisher={Elsevier}
}


 
@article{deka2005multiobjective,
  title={Multiobjective optimization of laminated composites using finite element method and genetic algorithm},
  author={Deka, Dhyan Jyoti and Sandeep, G and Chakraborty, D and Dutta, A},
  journal={Journal of reinforced plastics and composites},
  volume={24},
  number={3},
  pages={273--285},
  year={2005},
  publisher={Sage Publications Sage CA: Thousand Oaks, CA}
}
@article{pelletier2006multi,
  title={Multi-objective optimization of fiber reinforced composite laminates for strength, stiffness and minimal mass},
  author={Pelletier, Jacob L and Vel, Senthil S},
  journal={Computers \& structures},
  volume={84},
  number={29-30},
  pages={2065--2080},
  year={2006},
  publisher={Elsevier}
}

@article{jadhav2007parametric,
  title={Parametric optimization of grid-stiffened composite panels for maximizing their performance under transverse loading},
  author={Jadhav, Prakash and Mantena, P Raju},
  journal={Composite structures},
  volume={77},
  number={3},
  pages={353--363},
  year={2007},
  publisher={Elsevier}
}
@article{kim2007development,
  title={Development of a user-friendly expert system for composite laminate design},
  author={Kim, Jung-Seok},
  journal={Composite Structures},
  volume={79},
  number={1},
  pages={76--83},
  year={2007},
  publisher={Elsevier}
}
@article{park2008improved,
  title={Improved genetic algorithm for multidisciplinary optimization of composite laminates},
  author={Park, Chung Hae and Lee, Woo Il and Han, Woo Suck and Vautrin, Alain},
  journal={Computers \& structures},
  volume={86},
  number={19-20},
  pages={1894--1903},
  year={2008},
  publisher={Elsevier}
}
@article{aymerich2006ant,
  title={An ant colony optimization algorithm for stacking sequence design of composite laminates},
  author={Aymerich, Francesco and Serra, Mauro},
  year={2006}
}
@article{callahan1992optimum,
  title={Optimum design of composite laminates using genetic algorithms},
  author={Callahan, Kelvin J and Weeks, George E},
  journal={Composites Engineering},
  volume={2},
  number={3},
  pages={149--160},
  year={1992},
  publisher={Elsevier}
}
@article{todoroki1998stacking,
  title={Stacking sequence optimization by a genetic algorithm with a new recessive gene like repair strategy},
  author={Todoroki, Akira and Haftka, Raphael T},
  journal={Composites Part B: Engineering},
  volume={29},
  number={3},
  pages={277--285},
  year={1998},
  publisher={Elsevier}
}
@article{kogiso1994design,
  title={Design of composite laminates by a genetic algorithm with memory},
  author={Kogiso, N and Watson, Layne T and G{\"u}rdal, Zafer and Haftka, Robert T and Nagendra, S},
  journal={MECHANICS OF COMPOSITE MATERIALS AND STRUCTURES An International Journal},
  volume={1},
  number={1},
  pages={95--117},
  year={1994},
  publisher={Taylor \& Francis}
}

@article{park2001stacking,
  title={Stacking sequence design of composite laminates for maximum strength using genetic algorithms},
  author={Park, JH and Hwang, JH and Lee, CS and Hwang, W},
  journal={Composite Structures},
  volume={52},
  number={2},
  pages={217--231},
  year={2001},
  publisher={Elsevier}
}

