% cardinality of genotype alphabet
@article{menczer1992evidence,
  title={Evidence of hyperplanes in the genetic learning of neural networks},
  author={Menczer, Filippo and Parisi, Domenico},
  journal={Biological Cybernetics},
  volume={66},
  number={3},
  pages={283--289},
  year={1992},
  publisher={Springer}
}

% cardinality of genotype alphabet
@inproceedings{antonisse1989new,
  title={A new interpretation of schema notation that overtums the binary encoding constraint},
  author={Antonisse, Jim},
  booktitle={Proceedings of the 3rd international conference on genetic algorithms},
  pages={86--91},
  year={1989}
}

