%tag1: neural network
%tag1: function approximation

@inproceedings{lawrence1996function,
  title={Function approximation with neural networks and local methods: Bias, variance and smoothness},
  author={Lawrence, Steve and Tsoi, Ah Chung and Back, Andrew D},
  booktitle={Australian conference on neural networks},
  volume={1621},
  year={1996},
  organization={Australian National University}
}
