%genetic algorithm
%neural network
%connection learning
@inproceedings{belew1990evolving,
  title={Evolving networks: Using the genetic algorithm with connectionist learning},
  author={Belew, Richard K and McInerney, John and Schraudolph, Nicol N},
  booktitle={In},
  year={1990},
  organization={Citeseer}
}

%genetic algorithm
%neural network
%weight learning
@article{montana1995neural,
  title={Neural network weight selection using genetic algorithms},
  author={Montana, David J},
  journal={Intelligent Hybrid Systems},
  volume={8},
  number={6},
  pages={12--19},
  year={1995},
  publisher={Wiley}
}

%genetic algorithm
%neural network
%topology learning
@inproceedings{arena1993mlp,
  title={MLP optimal topology via genetic algorithms},
  author={Arena, P and Caponetto, R and Fortuna, L and Xibilia, MG},
  booktitle={Artificial Neural Nets and Genetic Algorithms},
  pages={670--674},
  year={1993},
  organization={Springer}
}

%genetic algorithm
%neural network
%topology and weights learning
@inproceedings{koza1991genetic,
  title={Genetic generation of both the weights and architecture for a neural network},
  author={Koza, John R and Rice, James P},
  booktitle={IJCNN-91-seattle international joint conference on neural networks},
  volume={2},
  pages={397--404},
  year={1991},
  organization={IEEE}
}

%genetic algorithm
%neural network
%topology and weights learning
@inproceedings{miller1989designing,
  title={Designing Neural Networks using Genetic Algorithms.},
  author={Miller, Geoffrey F and Todd, Peter M and Hegde, Shailesh U},
  booktitle={ICGA},
  volume={89},
  pages={379--384},
  year={1989}
}


