@inproceedings{goldberg1987genetic,
  title={Genetic algorithms with sharing for multimodal function optimization},
  author={Goldberg, David E and Richardson, Jon and others},
  booktitle={Genetic algorithms and their applications: Proceedings of the Second International Conference on Genetic Algorithms},
  pages={41--49},
  year={1987},
  organization={Hillsdale, NJ: Lawrence Erlbaum}
}
