@article{massard1984computer,
  title={Computer sizing of composite laminates for strength},
  author={Massard, Thierry N},
  journal={Journal of reinforced plastics and composites},
  volume={3},
  number={4},
  pages={300--345},
  year={1984},
  publisher={Sage Publications Sage CA: Thousand Oaks, CA}
}


@article{watkins1987multicriteria,
  title={A multicriteria objective function optimization scheme for laminated composites for use in multilevel structural optimization schemes},
  author={Watkins, RI and Morris, AJ},
  journal={Computer Methods in Applied Mechanics and Engineering},
  volume={60},
  number={2},
  pages={233--251},
  year={1987},
  publisher={Elsevier}
}

@article{ochoa1987analysis,
  title={Analysis of progressive failure in composites},
  author={Ochoa, Ozden O and Engblom, John J},
  journal={Composites Science and Technology},
  volume={28},
  number={2},
  pages={87--102},
  year={1987},
  publisher={Elsevier}
}

@article{reddy1987first,
  title={A first-ply failure analysis of composite laminates},
  author={Reddy, JN and Pandey, AK},
  journal={Computers \& Structures},
  volume={25},
  number={3},
  pages={371--393},
  year={1987},
  publisher={Elsevier}
}
@article{martin1987optimum,
  title={Optimum design of anisotropic sandwich panels with thin faces},
  author={Martin, PMJW},
  journal={Engineering optimization},
  volume={11},
  number={1-2},
  pages={3--12},
  year={1987},
  publisher={Taylor \& Francis}
}


@article{goldberg1988genetic,
  title={Genetic algorithms and machine learning},
  author={Goldberg, David E and Holland, John Henry},
  year={1988},
  publisher={Kluwer Academic Publishers-Plenum Publishers; Kluwer Academic Publishers~…}
}


@incollection{goldberg1991comparative,
  title={A comparative analysis of selection schemes used in genetic algorithms},
  author={Goldberg, David E and Deb, Kalyanmoy},
  booktitle={Foundations of genetic algorithms},
  volume={1},
  pages={69--93},
  year={1991},
  publisher={Elsevier}
}

@article{fang1993design,
  title={Design of composite laminates by a Monte Carlo method},
  author={Fang, Chin and Springer, George S},
  journal={Journal of composite materials},
  volume={27},
  number={7},
  pages={721--753},
  year={1993},
  publisher={Sage Publications Sage CA: Thousand Oaks, CA}
}

@article{riche1993optimization,
  title={Optimization of laminate stacking sequence for buckling load maximization by genetic algorithm},
  author={Riche, Rodolphe Le and Haftka, Raphael T},
  journal={AIAA journal},
  volume={31},
  number={5},
  pages={951--956},
  year={1993}
}


@book{daniel1994engineering,
  title={Engineering mechanics of composite materials},
  author={Daniel, Isaac M and Ishai, Ori and Daniel, Issac M and Daniel, Ishai},
  volume={3},
  year={1994},
  publisher={Oxford university press New York}
}

@article{soeiro1994multilevel,
  title={Multilevel optimization of laminated composite structures},
  author={Soeiro, AV and Ant{\'o}nio, CA Concei{\c{c}}{\~a}o and Marques, A Torres},
  journal={Structural optimization},
  volume={7},
  number={1-2},
  pages={55--60},
  year={1994},
  publisher={Springer}
}
@article{le1995improved,
  title={Improved genetic algorithm for minimum thickness composite laminate design},
  author={Le Riche, R and Haftka, RT},
  journal={Composites Engineering},
  volume={5},
  number={2},
  pages={143--161},
  year={1995},
  publisher={Elsevier}
}

@article{soares1995discrete,
  title={A discrete model for the optimal design of thin composite plate-shell type structures using a two-level approach},
  author={Soares, CM Mota and Correia, V Franco and Mateus, H and Herskovits, J},
  journal={Composite structures},
  volume={30},
  number={2},
  pages={147--157},
  year={1995},
  publisher={Elsevier}
}

@article{zbigniew1996genetic,
  title={Genetic algorithms+ data structures= evolution programs},
  author={Zbigniew, Michalewicz},
  journal={Computational Statistics},
  pages={372--373},
  year={1996}
}

@article{nagendra1996improved,
  title={Improved genetic algorithm for the design of stiffened composite panels},
  author={Nagendra, Somanath and Jestin, D and G{\"u}rdal, Zafer and Haftka, Raphael T and Watson, Layne T},
  journal={Computers \& Structures},
  volume={58},
  number={3},
  pages={543--555},
  year={1996},
  publisher={Elsevier}
}
@article{todoroki1998stacking,
  title={Stacking sequence optimization by a genetic algorithm with a new recessive gene like repair strategy},
  author={Todoroki, Akira and Haftka, Raphael T},
  journal={Composites Part B: Engineering},
  volume={29},
  number={3},
  pages={277--285},
  year={1998},
  publisher={Elsevier}
}

@article{abu1998optimum,
  title={Optimum design of composite plates using response surface method},
  author={Abu-Odeh, Akram Y and Jones, Harry L},
  journal={Composite structures},
  volume={43},
  number={3},
  pages={233--242},
  year={1998},
  publisher={Elsevier}
}


@article{sadagopan1998application,
  title={Application of genetic algorithms to optimal tailoring of composite materials},
  author={Sadagopan, D and Pitchumani, R},
  journal={Composites Science and Technology},
  volume={58},
  number={3-4},
  pages={571--589},
  year={1998},
  publisher={Elsevier}
}

@article{sivakumar1998optimum,
  title={Optimum design of laminated composite plates with cutouts using a genetic algorithm},
  author={Sivakumar, K and Iyengar, NGR and Deb, Kalyanmoy},
  journal={Composite Structures},
  volume={42},
  number={3},
  pages={265--279},
  year={1998},
  publisher={Elsevier}
}

@article{liu2000permutation,
  title={Permutation genetic algorithm for stacking sequence design of composite laminates},
  author={Liu, Boyang and Haftka, Raphael T and Akg{\"u}n, Mehmet A and Todoroki, Akira},
  journal={Computer methods in applied mechanics and engineering},
  volume={186},
  number={2-4},
  pages={357--372},
  year={2000},
  publisher={Elsevier}
}

@article{soremekun2001composite,
  title={Composite laminate design optimization by genetic algorithm with generalized elitist selection},
  author={Soremekun, G and G{\"u}rdal, Z and Haftka, RT and Watson, LT},
  journal={Computers \& structures},
  volume={79},
  number={2},
  pages={131--143},
  year={2001},
  publisher={Elsevier}
}

@article{walker2003technique,
  title={A technique for the multiobjective optimisation of laminated composite structures using genetic algorithms and finite element analysis},
  author={Walker, Mark and Smith, Ryan E},
  journal={Composite structures},
  volume={62},
  number={1},
  pages={123--128},
  year={2003},
  publisher={Elsevier}
}

@article{genlin2004survey,
  title={Survey on genetic algorithm [J]},
  author={Genlin, Ji},
  journal={Computer Applications and Software},
  volume={2},
  number={1},
  pages={69--73},
  year={2004}
}
@article{lin2004stacking,
  title={Stacking sequence optimization of laminated composite structures using genetic algorithm with local improvement},
  author={Lin, Ching-Chieh and Lee, Ya-Jung},
  journal={Composite structures},
  volume={63},
  number={3-4},
  pages={339--345},
  year={2004},
  publisher={Elsevier}
}

@article{kang2005minimum,
  title={Minimum-weight design of compressively loaded composite plates and stiffened panels for postbuckling strength by genetic algorithm},
  author={Kang, Ji-Ho and Kim, Chun-Gon},
  journal={Composite structures},
  volume={69},
  number={2},
  pages={239--246},
  year={2005},
  publisher={Elsevier}
}

@article{deka2005multiobjective,
  title={Multiobjective optimization of laminated composites using finite element method and genetic algorithm},
  author={Deka, Dhyan Jyoti and Sandeep, G and Chakraborty, D and Dutta, A},
  journal={Journal of reinforced plastics and composites},
  volume={24},
  number={3},
  pages={273--285},
  year={2005},
  publisher={Sage Publications Sage CA: Thousand Oaks, CA}
}

@misc{autarkaw,
  title={Kaw, 2006 “Mechanics of Composite Materials”},
  author={Autar, K},
  publisher={Taylor and Francis Group, LLC}
}

	
@article{pelletier2006multi,
  title={Multi-objective optimization of fiber reinforced composite laminates for strength, stiffness and minimal mass},
  author={Pelletier, Jacob L and Vel, Senthil S},
  journal={Computers \& structures},
  volume={84},
  number={29-30},
  pages={2065--2080},
  year={2006},
  publisher={Elsevier}
}

@article{murugan2007target,
  title={Target vector optimization of composite box beam using real-coded genetic algorithm: a decomposition approach},
  author={Murugan, MS and Suresh, S and Ganguli, R and Mani, V},
  journal={Structural and Multidisciplinary Optimization},
  volume={33},
  number={2},
  pages={131--146},
  year={2007},
  publisher={Springer}
}


@article{jadhav2007parametric,
  title={Parametric optimization of grid-stiffened composite panels for maximizing their performance under transverse loading},
  author={Jadhav, Prakash and Mantena, P Raju},
  journal={Composite structures},
  volume={77},
  number={3},
  pages={353--363},
  year={2007},
  publisher={Elsevier}
}

@article{seresta2007optimal,
  title={Optimal design of composite wing structures with blended laminates},
  author={Seresta, Omprakash and G{\"u}rdal, Zafer and Adams, David B and Watson, Layne T},
  journal={Composites Part B: Engineering},
  volume={38},
  number={4},
  pages={469--480},
  year={2007},
  publisher={Elsevier}
}

@article{kim2007development,
  title={Development of a user-friendly expert system for composite laminate design},
  author={Kim, Jung-Seok},
  journal={Composite Structures},
  volume={79},
  number={1},
  pages={76--83},
  year={2007},
  publisher={Elsevier}
}

@article{naik2008design,
  title={Design optimization of composites using genetic algorithms and failure mechanism based failure criterion},
  author={Naik, G Narayana and Gopalakrishnan, S and Ganguli, Ranjan},
  journal={Composite Structures},
  volume={83},
  number={4},
  pages={354--367},
  year={2008},
  publisher={Elsevier}
}

@article{park2008improved,
  title={Improved genetic algorithm for multidisciplinary optimization of composite laminates},
  author={Park, Chung Hae and Lee, Woo Il and Han, Woo Suck and Vautrin, Alain},
  journal={Computers \& structures},
  volume={86},
  number={19-20},
  pages={1894--1903},
  year={2008},
  publisher={Elsevier}
}

@article{omkar2008artificial,
  title={Artificial immune system for multi-objective design optimization of composite structures},
  author={Omkar, SN and Khandelwal, Rahul and Yathindra, Santhosh and Naik, G Narayana and Gopalakrishnan, S},
  journal={Engineering Applications of Artificial Intelligence},
  volume={21},
  number={8},
  pages={1416--1429},
  year={2008},
  publisher={Elsevier}
}

@article{akbulut2008optimum,
  title={Optimum design of composite laminates for minimum thickness},
  author={Akbulut, Mustafa and Sonmez, Fazil O},
  journal={Computers \& Structures},
  volume={86},
  number={21-22},
  pages={1974--1982},
  year={2008},
  publisher={Elsevier}
}

@article{akbulut2011design,
  title={Design optimization of laminated composites using a new variant of simulated annealing},
  author={Akbulut, Mustafa and Sonmez, Fazil O},
  journal={Computers \& structures},
  volume={89},
  number={17-18},
  pages={1712--1724},
  year={2011},
  publisher={Elsevier}
}

@inproceedings{semenkin2012self,
  title={Self-configuring genetic algorithm with modified uniform crossover operator},
  author={Semenkin, Eugene and Semenkina, Maria},
  booktitle={International Conference in Swarm Intelligence},
  pages={414--421},
  year={2012},
  organization={Springer}
}

@article{chen2014simulating,
  title={Simulating progressive failure of composite laminates including in-ply and delamination damage effects},
  author={Chen, Jing-Fen and Morozov, Evgeny V and Shankar, Krishnakumar},
  journal={Composites Part A: Applied Science and Manufacturing},
  volume={61},
  pages={185--200},
  year={2014},
  publisher={Elsevier}
}

@article{taetragool2017stacking,
  title={Stacking sequence optimization for maximizing the first failure initiation load followed by progressive failure analysis until the ultimate load},
  author={Taetragool, U and Shah, PH and Halls, VA and Zheng, JQ and Batra, RC},
  journal={Composite Structures},
  volume={180},
  pages={1007--1021},
  year={2017},
  publisher={Elsevier}
}

@incollection{mirjalili2019genetic,
  title={Genetic algorithm},
  author={Mirjalili, Seyedali},
  booktitle={Evolutionary algorithms and neural networks},
  pages={43--55},
  year={2019},
  publisher={Springer}
}
@article{choudhury2019failure,
  title={Failure analysis of laminated composite plate under hygro-thermo mechanical load and optimisation},
  author={Choudhury, A and Mondal, SC and Sarkar, S},
  journal={International Journal of Applied Mechanics and Engineering},
  volume={24},
  number={3},
  pages={509--526},
  year={2019},
  publisher={Sciendo}
} 

@article{gholami2020multi,
  title={Multi-objective optimal structural design of composite superstructure using a novel MONMPSO algorithm},
  author={Gholami, Meghdad and Fathi, Alireza and Baghestani, Ali Mohammad},
  journal={International Journal of Mechanical Sciences},
  pages={106149},
  year={2020},
  publisher={Elsevier}
}

