

@article{cybenko1989approximation,
  title={Approximation by superpositions of a sigmoidal function},
  author={Cybenko, George},
  journal={Mathematics of control, signals and systems},
  volume={2},
  number={4},
  pages={303--314},
  year={1989},
  publisher={Springer}
}
@inproceedings{liu1996evolutionary,
  title={Evolutionary design of artificial neural networks with different nodes},
  author={Liu, Yong and Yao, Xin},
  booktitle={Proceedings of IEEE international conference on evolutionary computation},
  pages={670--675},
  year={1996},
  organization={IEEE}
}

@article{yao1999evolving,
  title={Evolving artificial neural networks},
  author={Yao, Xin},
  journal={Proceedings of the IEEE},
  volume={87},
  number={9},
  pages={1423--1447},
  year={1999},
  publisher={IEEE}
}
