
@article{massard1984computer,
  title={Computer sizing of composite laminates for strength},
  author={Massard, Thierry N},
  journal={Journal of reinforced plastics and composites},
  volume={3},
  number={4},
  pages={300--345},
  year={1984},
  publisher={Sage Publications Sage CA: Thousand Oaks, CA}
}

@article{Dirac1953888,
  title   = "The lorentz transformation and absolute time",
  journal = "Physica ",
  volume  = "19",
  number  = "1-–12",
  pages   = "888--896",
  year    = "1953",
  doi     = "10.1016/S0031-8914(53)80099-6",
  author  = "P.A.M. Dirac"
}

@article{Feynman1963118,
  title   = "The theory of a general quantum system interacting with a linear dissipative system",
  journal = "Annals of Physics ",
  volume  = "24",
  pages   = "118--173",
  year    = "1963",
  doi     = "10.1016/0003-4916(63)90068-X",
  author  = "R.P Feynman and F.L {Vernon Jr.}"
}

@article{reddy1987first,
  title={A first-ply failure analysis of composite laminates},
  author={Reddy, JN and Pandey, AK},
  journal={Computers \& Structures},
  volume={25},
  number={3},
  pages={371--393},
  year={1987},
  publisher={Elsevier}
}

@article{fang1993design,
  title={Design of composite laminates by a Monte Carlo method},
  author={Fang, Chin and Springer, George S},
  journal={Journal of composite materials},
  volume={27},
  number={7},
  pages={721--753},
  year={1993},
  publisher={Sage Publications Sage CA: Thousand Oaks, CA}
}

@article{soeiro1994multilevel,
  title={Multilevel optimization of laminated composite structures},
  author={Soeiro, AV and Ant{\'o}nio, CA Concei{\c{c}}{\~a}o and Marques, A Torres},
  journal={Structural optimization},
  volume={7},
  number={1-2},
  pages={55--60},
  year={1994},
  publisher={Springer}
}

@article{pelletier2006multi,
  title={Multi-objective optimization of fiber reinforced composite laminates for strength, stiffness and minimal mass},
  author={Pelletier, Jacob L and Vel, Senthil S},
  journal={Computers \& structures},
  volume={84},
  number={29-30},
  pages={2065--2080},
  year={2006},
  publisher={Elsevier}
}

@article{jadhav2007parametric,
  title={Parametric optimization of grid-stiffened composite panels for maximizing their performance under transverse loading},
  author={Jadhav, Prakash and Mantena, P Raju},
  journal={Composite structures},
  volume={77},
  number={3},
  pages={353--363},
  year={2007},
  publisher={Elsevier}
}
@article{omkar2008artificial,
  title={Artificial immune system for multi-objective design optimization of composite structures},
  author={Omkar, SN and Khandelwal, Rahul and Yathindra, Santhosh and Naik, G Narayana and Gopalakrishnan, S},
  journal={Engineering Applications of Artificial Intelligence},
  volume={21},
  number={8},
  pages={1416--1429},
  year={2008},
  publisher={Elsevier}
}
@article{choudhury2019failure,
  title={Failure analysis of laminated composite plate under hygro-thermo mechanical load and optimisation},
  author={Choudhury, A and Mondal, SC and Sarkar, S},
  journal={International Journal of Applied Mechanics and Engineering},
  volume={24},
  number={3},
  pages={509--526},
  year={2019},
  publisher={Sciendo}
} 

@article{watkins1987multicriteria,
  title={A multicriteria objective function optimization scheme for laminated composites for use in multilevel structural optimization schemes},
  author={Watkins, RI and Morris, AJ},
  journal={Computer Methods in Applied Mechanics and Engineering},
  volume={60},
  number={2},
  pages={233--251},
  year={1987},
  publisher={Elsevier}
}

@article{martin1987optimum,
  title={Optimum design of anisotropic sandwich panels with thin faces},
  author={Martin, PMJW},
  journal={Engineering optimization},
  volume={11},
  number={1-2},
  pages={3--12},
  year={1987},
  publisher={Taylor \& Francis}
}

@article{soares1995discrete,
  title={A discrete model for the optimal design of thin composite plate-shell type structures using a two-level approach},
  author={Soares, CM Mota and Correia, V Franco and Mateus, H and Herskovits, J},
  journal={Composite structures},
  volume={30},
  number={2},
  pages={147--157},
  year={1995},
  publisher={Elsevier}
}
