@article{karlik2011performance,
	  title={Performance analysis of various activation functions in generalized
		  MLP architectures of neural networks},
	  author={Karlik, Bekir and Olgac, A Vehbi},
	    journal={International Journal of Artificial Intelligence and Expert
			  Systems},
	  volume={1},
	    number={4},
		  pages={111--122},
		    year={2011}
}
@inproceedings{goldberg1987genetic,
  title={Genetic algorithms with sharing for multimodal function optimization},
  author={Goldberg, David E and Richardson, Jon and others},
  booktitle={Genetic algorithms and their applications: Proceedings of the Second International Conference on Genetic Algorithms},
  pages={41--49},
  year={1987},
  organization={Hillsdale, NJ: Lawrence Erlbaum}
}
@book{demuth2014neural,
  title={Neural network design},
  author={Demuth, Howard B and Beale, Mark H and De Jess, Orlando and Hagan, Martin T},
  year={2014},
  publisher={Martin Hagan}
}
@article{murata1994network,
  title={Network information criterion-determining the number of hidden units for an artificial neural network model},
  author={Murata, Noboru and Yoshizawa, Shuji and Amari, Shun-ichi},
  journal={IEEE transactions on neural networks},
  volume={5},
  number={6},
  pages={865--872},
  year={1994},
  publisher={IEEE}
}
@article{hopfield1982neural,
  title={Neural networks and physical systems with emergent collective computational abilities},
  author={Hopfield, John J},
  journal={Proceedings of the national academy of sciences},
  volume={79},
  number={8},
  pages={2554--2558},
  year={1982},
  publisher={National Acad Sciences}
}
@book{minsky2017perceptrons,
  title={Perceptrons: An introduction to computational geometry},
  author={Minsky, Marvin and Papert, Seymour A},
  year={2017},
  publisher={MIT press}
}

@article{grossberg1976adaptive,
  title={Adaptive pattern classification and universal recoding: II. Feedback, expectation, olfaction, illusions},
  author={Grossberg, Stephen},
  journal={Biological cybernetics},
  volume={23},
  number={4},
  pages={187--202},
  year={1976},
  publisher={Springer}
}


