@article{massard1984computer,
  title={Computer sizing of composite laminates for strength},
  author={Massard, Thierry N},
  journal={Journal of reinforced plastics and composites},
  volume={3},
  number={4},
  pages={300--345},
  year={1984},
  publisher={Sage Publications Sage CA: Thousand Oaks, CA}
}

@article{todoroki1998stacking,
  title={Stacking sequence optimization by a genetic algorithm with a new recessive gene like repair strategy},
  author={Todoroki, Akira and Haftka, Raphael T},
  journal={Composites Part B: Engineering},
  volume={29},
  number={3},
  pages={277--285},
  year={1998},
  publisher={Elsevier}
}

@article{kang2005minimum,
  title={Minimum-weight design of compressively loaded composite plates and stiffened panels for postbuckling strength by genetic algorithm},
  author={Kang, Ji-Ho and Kim, Chun-Gon},
  journal={Composite structures},
  volume={69},
  number={2},
  pages={239--246},
  year={2005},
  publisher={Elsevier}
}

@article{akbulut2008optimum,
  title={Optimum design of composite laminates for minimum thickness},
  author={Akbulut, Mustafa and Sonmez, Fazil O},
  journal={Computers \& Structures},
  volume={86},
  number={21-22},
  pages={1974--1982},
  year={2008},
  publisher={Elsevier}
}

@article{murugan2007target,
  title={Target vector optimization of composite box beam using real-coded genetic algorithm: a decomposition approach},
  author={Murugan, MS and Suresh, S and Ganguli, R and Mani, V},
  journal={Structural and Multidisciplinary Optimization},
  volume={33},
  number={2},
  pages={131--146},
  year={2007},
  publisher={Springer}
}
@article{lin2004stacking,
  title={Stacking sequence optimization of laminated composite structures using genetic algorithm with local improvement},
  author={Lin, Ching-Chieh and Lee, Ya-Jung},
  journal={Composite structures},
  volume={63},
  number={3-4},
  pages={339--345},
  year={2004},
  publisher={Elsevier}
}

@article{walker2003technique,
  title={A technique for the multiobjective optimisation of laminated composite structures using genetic algorithms and finite element analysis},
  author={Walker, Mark and Smith, Ryan E},
  journal={Composite structures},
  volume={62},
  number={1},
  pages={123--128},
  year={2003},
  publisher={Elsevier}
}

@article{sivakumar1998optimum,
  title={Optimum design of laminated composite plates with cutouts using a genetic algorithm},
  author={Sivakumar, K and Iyengar, NGR and Deb, Kalyanmoy},
  journal={Composite Structures},
  volume={42},
  number={3},
  pages={265--279},
  year={1998},
  publisher={Elsevier}
}

@article{liu2000permutation,
  title={Permutation genetic algorithm for stacking sequence design of composite laminates},
  author={Liu, Boyang and Haftka, Raphael T and Akg{\"u}n, Mehmet A and Todoroki, Akira},
  journal={Computer methods in applied mechanics and engineering},
  volume={186},
  number={2-4},
  pages={357--372},
  year={2000},
  publisher={Elsevier}
}

@article{MENTGES2021108736,
title = {A micromechanics-based artificial neural networks model for elastic properties of short fiber composites},
journal = {Composites Part B: Engineering},
volume = {213},
pages = {108736},
year = {2021},
issn = {1359-8368},
doi = {https://doi.org/10.1016/j.compositesb.2021.108736},
url = {https://www.sciencedirect.com/science/article/pii/S1359836821001281},
author = {N. Mentges and B. Dashtbozorg and S.M. Mirkhalaf},
keywords = {Short fiber reinforced composites, Micromechanics, Artificial neural networks, Elastic properties},
}

@article{YAN2020108014,
title = {An efficient multiscale surrogate modelling framework for composite materials considering progressive damage based on artificial neural networks},
journal = {Composites Part B: Engineering},
volume = {194},
pages = {108014},
year = {2020},
issn = {1359-8368},
doi = {https://doi.org/10.1016/j.compositesb.2020.108014},
url = {https://www.sciencedirect.com/science/article/pii/S1359836820303279},
author = {Shibo Yan and Xi Zou and Mohammad Ilkhani and Arthur Jones},
keywords = {Multiscale modelling, Progressive damage, Surrogate model, Artificial neural network}
}


@article{cybenko1989approximation,
  title={Approximation by superpositions of a sigmoidal function},
  author={Cybenko, George},
  journal={Mathematics of control, signals and systems},
  volume={2},
  number={4},
  pages={303--314},
  year={1989},
  publisher={Springer}
}
@inproceedings{liu1996evolutionary,
  title={Evolutionary design of artificial neural networks with different nodes},
  author={Liu, Yong and Yao, Xin},
  booktitle={Proceedings of IEEE international conference on evolutionary computation},
  pages={670--675},
  year={1996},
  organization={IEEE}
}

@article{yao1999evolving,
  title={Evolving artificial neural networks},
  author={Yao, Xin},
  journal={Proceedings of the IEEE},
  volume={87},
  number={9},
  pages={1423--1447},
  year={1999},
  publisher={IEEE}
}

@article{baker2017accelerating,
  title={Accelerating neural architecture search using performance prediction},
  author={Baker, Bowen and Gupta, Otkrist and Raskar, Ramesh and Naik, Nikhil},
  journal={arXiv preprint arXiv:1705.10823},
  year={2017}
}

@article{elsken2019neural,
  title={Neural architecture search: A survey.},
  author={Elsken, Thomas and Metzen, Jan Hendrik and Hutter, Frank and others},
  journal={J. Mach. Learn. Res.},
  volume={20},
  number={55},
  pages={1--21},
  year={2019}
}

@article{reddy1987first,
  title={A first-ply failure analysis of composite laminates},
  author={Reddy, JN and Pandey, AK},
  journal={Computers \& Structures},
  volume={25},
  number={3},
  pages={371--393},
  year={1987},
  publisher={Elsevier}
}

@article{fang1993design,
  title={Design of composite laminates by a Monte Carlo method},
  author={Fang, Chin and Springer, George S},
  journal={Journal of composite materials},
  volume={27},
  number={7},
  pages={721--753},
  year={1993},
  publisher={Sage Publications Sage CA: Thousand Oaks, CA}
}

@article{soeiro1994multilevel,
  title={Multilevel optimization of laminated composite structures},
  author={Soeiro, AV and Ant{\'o}nio, CA Concei{\c{c}}{\~a}o and Marques, A Torres},
  journal={Structural optimization},
  volume={7},
  number={1-2},
  pages={55--60},
  year={1994},
  publisher={Springer}
}

@article{pelletier2006multi,
  title={Multi-objective optimization of fiber reinforced composite laminates for strength, stiffness and minimal mass},
  author={Pelletier, Jacob L and Vel, Senthil S},
  journal={Computers \& structures},
  volume={84},
  number={29-30},
  pages={2065--2080},
  year={2006},
  publisher={Elsevier}
}

@article{jadhav2007parametric,
  title={Parametric optimization of grid-stiffened composite panels for maximizing their performance under transverse loading},
  author={Jadhav, Prakash and Mantena, P Raju},
  journal={Composite structures},
  volume={77},
  number={3},
  pages={353--363},
  year={2007},
  publisher={Elsevier}
}

@article{omkar2008artificial,
  title={Artificial immune system for multi-objective design optimization of composite structures},
  author={Omkar, SN and Khandelwal, Rahul and Yathindra, Santhosh and Naik, G Narayana and Gopalakrishnan, S},
  journal={Engineering Applications of Artificial Intelligence},
  volume={21},
  number={8},
  pages={1416--1429},
  year={2008},
  publisher={Elsevier}
}

@article{choudhury2019failure,
  title={Failure analysis of laminated composite plate under hygro-thermo mechanical load and optimisation},
  author={Choudhury, A and Mondal, SC and Sarkar, S},
  journal={International Journal of Applied Mechanics and Engineering},
  volume={24},
  number={3},
  pages={509--526},
  year={2019},
  publisher={Sciendo}
} 

@article{watkins1987multicriteria,
  title={A multicriteria objective function optimization scheme for laminated composites for use in multilevel structural optimization schemes},
  author={Watkins, RI and Morris, AJ},
  journal={Computer Methods in Applied Mechanics and Engineering},
  volume={60},
  number={2},
  pages={233--251},
  year={1987},
  publisher={Elsevier}
}

@article{martin1987optimum,
  title={Optimum design of anisotropic sandwich panels with thin faces},
  author={Martin, PMJW},
  journal={Engineering optimization},
  volume={11},
  number={1-2},
  pages={3--12},
  year={1987},
  publisher={Taylor \& Francis}
}
@article{soares1995discrete,
  title={A discrete model for the optimal design of thin composite plate-shell type structures using a two-level approach},
  author={Soares, CM Mota and Correia, V Franco and Mateus, H and Herskovits, J},
  journal={Composite structures},
  volume={30},
  number={2},
  pages={147--157},
  year={1995},
  publisher={Elsevier}
}

@article{lecun1989backpropagation,
  title={Backpropagation applied to handwritten zip code recognition},
  author={LeCun, Yann and Boser, Bernhard and Denker, John S and Henderson, Donnie and Howard, Richard E and Hubbard, Wayne and Jackel, Lawrence D},
  journal={Neural computation},
  volume={1},
  number={4},
  pages={541--551},
  year={1989},
  publisher={MIT Press}
}
@book{lobo2007parameter,
  title={Parameter setting in evolutionary algorithms},
  author={Lobo, FJ and Lima, Cl{\'a}udio F and Michalewicz, Zbigniew},
  volume={54},
  year={2007},
  publisher={Springer Science \& Business Media}
}

@article{GU2021108894,
title = {A parametric study of adhesive bonded joints with composite material using black-box and grey-box machine learning methods: Deep neuron networks and genetic programming},
journal = {Composites Part B: Engineering},
volume = {217},
pages = {108894},
year = {2021},
issn = {1359-8368},
doi = {https://doi.org/10.1016/j.compositesb.2021.108894},
url = {https://www.sciencedirect.com/science/article/pii/S1359836821002857},
author = {Zewen Gu and Yiding Liu and Darren J. Hughes and Jianqiao Ye and Xiaonan Hou},
keywords = {Adhesive bonded joint, Composite material, Finite element model, Genetic programming, Deep neuron network},
}

@inproceedings{rodzin2016neuroevolution,
  title={Neuroevolution: problems, algorithms, and experiments},
  author={Rodzin, Sergey and Rodzina, Olga and Rodzina, Lada},
  booktitle={2016 IEEE 10th International Conference on Application of Information and Communication Technologies (AICT)},
  pages={1--4},
  year={2016},
  organization={IEEE}
}

