@article{schmit1973optimum,
  author={Schmit, L A and Farshi, B},
  journal={International Journal for Numerical Methods in Engineering},
  volume={7},
  number={4},
  pages={519--536},
  year={1973},
  publisher={Wiley Online Library},
  url={https://doi.org/10.1002/nme.1620070410}
}
@article{schmit1977optimum,
  author={Schmit Jr, LA and Farshi, B},
  journal={International journal for numerical methods in engineering},
  volume={11},
  number={4},
  pages={623--640},
  year={1977},
  publisher={Wiley Online Library},
  url={https://doi.org/10.1002/nme.1620110403}
}
@article{fukunaga1991strength,
  author={Fukunaga, Hisao and Vanderplaats, GN},
  journal={Computers \& Structures},
  volume={40},
  number={6},
  pages={1429--1439},
  year={1991},
  publisher={Elsevier},
  url={https://doi.org/10.1016/0045-7949(91)90413-G}
}

@article{callahan1992optimum,
  author={Callahan, Kelvin J and Weeks, George E},
  journal={Composites Engineering},
  volume={2},
  number={3},
  pages={149--160},
  year={1992},
  publisher={Elsevier},
  url={https://doi.org/10.1016/0961-9526(92)90001-M}
}


@article{todoroki1998stacking,
  author={Todoroki, Akira and Haftka, Raphael T},
  journal={Composites Part B: Engineering},
  volume={29},
  number={3},
  pages={277--285},
  year={1998},
  publisher={Elsevier},
  url={https://doi.org/10.1016/S1359-8368(97)00030-9}
}

@article{kogiso1994design,
  author={Kogiso, N and Watson, Layne T and G{\"u}rdal, Zafer and Haftka, Robert T and Nagendra, S},
  journal={MECHANICS OF COMPOSITE MATERIALS AND STRUCTURES An International Journal},
  volume={1},
  number={1},
  pages={95--117},
  year={1994},
  publisher={Taylor \& Francis},
  url={https://doi.org/10.1080/10759419408945823}
}


@article{soares1995discrete,
  author={Soares, CM Mota and Correia, V Franco and Mateus, H and Herskovits, J},
  journal={Composite structures},
  volume={30},
  number={2},
  pages={147--157},
  year={1995},
  publisher={Elsevier},
  url={https://doi.org/10.1016/0263-8223(94)00042-5}
}

@article{le1995improved,
  author={Le Riche, R and Haftka, RT},
  journal={Composites Engineering},
  volume={5},
  number={2},
  pages={143--161},
  year={1995},
  publisher={Elsevier},
  url={https://doi.org/10.1016/0961-9526(95)90710-s}
}

@article{jayatheertha1996application,
  author={Jayatheertha, C and Webber, JPH and Morton, SK},
  journal={Computers \& structures},
  volume={59},
  number={5},
  pages={831--845},
  year={1996},
  publisher={Elsevier},
  url={https://doi.org/10.1016/0045-7949(95)00321-5}
}

@article{wang1996optimum,
  author={Wang, J and Karihaloo, BL},
  journal={Journal of composite materials},
  volume={30},
  number={12},
  pages={1314--1337},
  year={1996},
  publisher={Sage Publications Sage CA: Thousand Oaks, CA},
  url={https://doi.org/10.1177/002199839603001202}
}
@article{adali1997minimum,
  author={Adali, Sarp and Verijenko, Viktor E},
  journal={Composite structures},
  volume={38},
  number={1-4},
  pages={623--630},
  year={1997},
  publisher={Elsevier},
  url={https://doi.org/10.1016/s0263-8223(97)00100-1}
}

@article{correia1997higher,
  author={Correia, VM Franco and Soares, CM Mota and Soares, CA Mota},
  journal={Composite Structures},
  volume={39},
  number={3-4},
  pages={237--253},
  year={1997},
  publisher={Elsevier},
  url={https://doi.org/10.1016/s0263-8223(97)00118-9}
}

@article{scares1997optimization,
  author={Scares, Crist{\'o}v{\~a}o M Mota and Soares, Carlos A Mota and Correia, Victor M Franco},
  journal={Computer methods in applied mechanics and engineering},
  volume={149},
  number={1-4},
  pages={133--152},
  year={1997},
  publisher={Elsevier},
  url={https://doi.org/10.1016/s0045-7825(97)00066-2}
}

@article{abu1998optimum,
  author={Abu-Odeh, Akram Y and Jones, Harry L},
  journal={Composite structures},
  volume={43},
  number={3},
  pages={233--242},
  year={1998},
  publisher={Elsevier},
  url={https://doi.org/10.1016/s0263-8223(98)00109-3}
}

@article{lombardi1998anti,
  author={Lombardi, Marco and Haftka, Raphael T},
  journal={Computer methods in applied mechanics and engineering},
  volume={157},
  number={1-2},
  pages={19--31},
  year={1998},
  publisher={Elsevier},
  url={https://doi.org/10.1016/s0045-7825(97)00148-5}
}

@article{le1998design,
  author={Le Riche, Rodolphe and Gaudin, Jocelyn},
  journal={Composite Structures},
  volume={41},
  number={2},
  pages={97--111},
  year={1998},
  publisher={Elsevier},
  url={https://doi.org/10.1016/s0263-8223(98)00009-9}
}

@article{sivakumar1998optimum,
  author={Sivakumar, K and Iyengar, NGR and Deb, Kalyanmoy},
  journal={Composite Structures},
  volume={42},
  number={3},
  pages={265--279},
  year={1998},
  publisher={Elsevier},
  url={https://doi.org/10.1016/s0263-8223(98)00072-5}
}

@article{barakat1999use,
  author={Barakat, SA and Abu-Farsakh, GA},
  journal={Composites science and technology},
  volume={59},
  number={12},
  pages={1891--1899},
  year={1999},
  publisher={Elsevier},
  url={https://doi.org/10.1016/s0266-3538(99)00048-2}
}

@article{richard2000reliability,
  author={Richard, F and Perreux, D},
  journal={Reliability Engineering \& System Safety},
  volume={68},
  number={1},
  pages={53--59},
  year={2000},
  publisher={Elsevier},
  url={https://doi.org/10.1016/s0951-8320(00)00002-8}
}

@article{moita2000sensitivity,
  author={Moita, JS and Barbosa, J Infante and Soares, CM Mota and Soares, CA Mota},
  journal={Computers \& Structures},
  volume={76},
  number={1-3},
  pages={407--420},
  year={2000},
  publisher={Elsevier},
  url={https://doi.org/10.1016/s0045-7949(99)00164-9}
}
@article{park2001stacking,
  author={Park, JH and Hwang, JH and Lee, CS and Hwang, W},
  journal={Composite Structures},
  volume={52},
  number={2},
  pages={217--231},
  year={2001},
  publisher={Elsevier},
  url={https://doi.org/10.1016/s0263-8223(00)00170-7}
}

@article{soremekun2001composite,
  author={Soremekun, G and G{\"u}rdal, Z and Haftka, RT and Watson, LT},
  journal={Computers \& structures},
  volume={79},
  number={2},
  pages={131--143},
  year={2001},
  publisher={Elsevier},
  url={https://doi.org/10.1016/s0045-7949(00)00125-5}
}

@article{walker2003technique,
  author={Walker, Mark and Smith, Ryan E},
  journal={Composite structures},
  volume={62},
  number={1},
  pages={123--128},
  year={2003},
  publisher={Elsevier},
  url={https://doi.org/10.1016/s0263-8223(03)00098-9}
}

@article{di2003multiconstrained,
  author={Di Sciuva, M and Gherlone, M and Lomario, D},
  journal={Composite Structures},
  volume={59},
  number={1},
  pages={149--154},
  year={2003},
  publisher={Elsevier},
  url={https://doi.org/10.1016/s0263-8223(02)00132-0}
}
@article{kere2003using,
  author={Kere, Petri and Lyly, Mikko and Koski, Juhani},
  journal={Composite Structures},
  volume={62},
  number={3-4},
  pages={329--333},
  year={2003},
  publisher={Elsevier},
  url={https://doi.org/10.1016/j.compstruct.2003.09.032}
}

@article{kang2005minimum,
  author={Kang, Ji-Ho and Kim, Chun-Gon},
  journal={Composite structures},
  volume={69},
  number={2},
  pages={239--246},
  year={2005},
  publisher={Elsevier},
  url={https://doi.org/10.1016/j.compstruct.2004.07.001}
}
 
@article{deka2005multiobjective,
  author={Deka, Dhyan Jyoti and Sandeep, G and Chakraborty, D and Dutta, A},
  journal={Journal of reinforced plastics and composites},
  volume={24},
  number={3},
  pages={273--285},
  year={2005},
  publisher={Sage Publications Sage CA: Thousand Oaks, CA},
  url={https://doi.org/10.1177/0731684405043555}
}
@article{pelletier2006multi,
  author={Pelletier, Jacob L and Vel, Senthil S},
  journal={Computers \& structures},
  volume={84},
  number={29-30},
  pages={2065--2080},
  year={2006},
  publisher={Elsevier},
  url={https://doi.org/10.1016/j.compstruc.2006.06.001}
}

@article{jadhav2007parametric,
  author={Jadhav, Prakash and Mantena, P Raju},
  journal={Composite structures},
  volume={77},
  number={3},
  pages={353--363},
  year={2007},
  publisher={Elsevier},
  url={https://doi.org/10.1016/j.compstruct.2005.07.015}
}
@article{kim2007development,
  author={Kim, Jung-Seok},
  journal={Composite Structures},
  volume={79},
  number={1},
  pages={76--83},
  year={2007},
  publisher={Elsevier},
  url={https://doi.org/10.1016/j.compstruct.2005.11.030}
}
@article{park2008improved,
  author={Park, Chung Hae and Lee, Woo Il and Han, Woo Suck and Vautrin, Alain},
  journal={Computers \& structures},
  volume={86},
  number={19-20},
  pages={1894--1903},
  year={2008},
  publisher={Elsevier},
  url={https://doi.org/10.1016/j.compstruc.2008.03.001}
}
@article{akbulut2008optimum,
  author={Akbulut, Mustafa and Sonmez, Fazil O},
  journal={Computers \& Structures},
  volume={86},
  number={21-22},
  pages={1974--1982},
  year={2008},
  publisher={Elsevier},
  url={https://doi.org/10.1016/j.compstruc.2008.05.003}
}
@article{aymerich2006ant,
  author={Aymerich, Francesco and Serra, Mauro},
  year={2006},
  url={https://doi.org/10.14793/cds_etd.2}
}

